<?xml version="1.0" encoding="UTF-8"?><collection xmlns="http://www.loc.gov/MARC21/slim"><record><leader>00393nam--2200133-i-4500</leader><controlfield tag="001">000021532</controlfield><controlfield tag="002">20161230</controlfield><controlfield tag="005">20161230201034</controlfield><controlfield tag="008">060222s1000------------r-----000-0-eng-d</controlfield><datafield ind1=" " ind2=" " tag="080"><subfield code="a">535.5</subfield></datafield><datafield ind1=" " ind2=" " tag="100"><subfield code="a">Holland-merten E.L</subfield></datafield><datafield ind1=" " ind2=" " tag="245"><subfield code="a">Tehnica vidului. principiile tehnologiei vidului, utilizarea si functionarea masinilor sub vid</subfield></datafield><datafield ind1=" " ind2=" " tag="260"><subfield code="a">Bucuresti, Editura Tehnica, 1958, 878p</subfield></datafield><datafield ind1=" " ind2=" " tag="852"><subfield code="a">5347</subfield></datafield></record></collection>